=LDR  01678cam a2200421 c 4500
=001  990004997064702202
=005  20230303121036.0
=007  cr||||||||||||
=007  ta
=008  130305s2000\\\\no#||||j\|||||000|1|nob|\
=020  \\$a8252533590$qib.$cNkr 75.00
=041  1\$heng
=080  \\$a820
=082  74$a823$qNO-OsNB$24/nor
=100  1\$aDahl, Roald$d1916-1990$0(NO-TrBIB)90064099$1http://viaf.org/viaf/108159131$4http://rdaregistry.info/Elements/w/object/P10061
=240  10$aKiss kiss$1http://viaf.org/viaf/377154501934139210003
=245  10$aKiss kiss$cRoald Dahl ; oversatt av Daisy Schjelderup
=246  1\$aKiss kiss$iOriginaltittel
=260  \\$a[Oslo]$bUngdomsbokklubben$c2000
=300  \\$a234 s.
=336  \\$atext$2rdacontent$0http://rdaregistry.info/termList/RDAContentType/1020
=337  \\$aunmediated$2rdamedia$0http://rdaregistry.info/termList/RDAMediaType/1007
=338  \\$avolume$2rdacarrier$0http://rdaregistry.info/termList/RDACarrierType/1049
=500  \\$a1. norske utg. Oslo : Gyldendal, 1970
=700  1\$aReiten, Trude.$4bjd$0(NO-TrBIB)9026469$1http://viaf.org/viaf/221275657$4http://rdaregistry.info/Elements/m/object/P30069
=700  1\$aSchelderup, Daisy$4trl$1http://viaf.org/viaf/13603894$4http://rdaregistry.info/Elements/e/object/P20037
=740  0\$aDronning-gelé
=740  0\$aEdward Erobreren
=740  0\$aGenesis og katastrofe
=740  0\$aGeorgy Porgy
=740  0\$aGriseflaks
=740  0\$aMrs. Bixby og oberstens minkpels
=740  0\$aSogneprestens skatter
=740  0\$aVeien til himmels
=740  0\$aVerdensmesteren
=740  0\$aVertinnen
=740  0\$aWilliam og Mary

